<record><leader>00000cas a22000007a 4500</leader><controlfield tag="001">11337234</controlfield><controlfield tag="008">841101d18721885ksuwr ne      0    0eng d</controlfield><datafield ind1=" " ind2=" " tag="010"><subfield code="a">sn 84027598 </subfield></datafield><datafield ind1=" " ind2=" " tag="040"><subfield code="a">NPU</subfield><subfield code="b">eng</subfield><subfield code="c">NPU</subfield><subfield code="d">NPT</subfield><subfield code="d">NPX</subfield><subfield code="d">OCLCQ</subfield></datafield><datafield ind1=" " ind2=" " tag="042"><subfield code="a">msc</subfield></datafield><datafield ind1="0" ind2=" " tag="130"><subfield code="a">Hutchinson news (Hutchinson, Kan. : 1872)</subfield></datafield><datafield ind1="1" ind2="4" tag="245"><subfield code="a">The Hutchinson news.</subfield></datafield><datafield ind1=" " ind2=" " tag="260"><subfield code="a">Hutchinson, Kan. :</subfield><subfield code="b">Perry Bros.,</subfield><subfield code="c">1872-1885.</subfield></datafield><datafield ind1=" " ind2=" " tag="300"><subfield code="a">14 v. :</subfield><subfield code="b">ill. ;</subfield><subfield code="c">60 cm.</subfield></datafield><datafield ind1=" " ind2=" " tag="310"><subfield code="a">Weekly</subfield></datafield><datafield ind1="0" ind2=" " tag="362"><subfield code="a">Vol. 1, no. 1 (July 4, 1872)-v. 14, no. 8 (Aug. 20, 1885).</subfield></datafield><datafield ind1=" " ind2=" " tag="500"><subfield code="a">Publishers: Houston Whiteside, May 1, 1873-Feb. 4, 1875; Fletcher Meridith, Feb. 11, 1875-July 7, 1881; Ralph M. Easley, July 14, 1881-Aug. 20, 1885.</subfield></datafield><datafield ind1=" " ind2=" " tag="500"><subfield code="a">Proprietor: Fletcher Meridith, &lt;1876&gt;.</subfield></datafield><datafield ind1=" " ind2=" " tag="500"><subfield code="a">"Republican."</subfield></datafield><datafield ind1=" " ind2=" " tag="752"><subfield code="a">United States</subfield><subfield code="b">Kansas</subfield><subfield code="c">Reno</subfield><subfield code="d">Hutchinson.</subfield></datafield><datafield ind1="0" ind2="0" tag="785"><subfield code="t">Hutchinson weekly news</subfield><subfield code="w">(DLC)sn 85030700</subfield></datafield></record>